@article{1,
  author = {Steinkamp, J. and Kantrowitz, J.J. and Airan-Javia, S.},
  title = {Prevalence and Sources of Duplicate Information in the Electronic Medical Record},
  journal = {JAMA Netw Open},
  year = {2022},
  volume = {5},
  pages = {e2233348}
}

@article{2,
  author = {Zhang, T. and Ladhak, F. and Durmus, E. and Liang, P. and McKeown, K. and Hashimoto, T.B.},
  title = {Benchmarking Large Language Models for News Summarization},
  journal = {Trans Assoc Comput Linguist},
  year = {2024},
  volume = {12},
  pages = {39--57}
}

@misc{3,
  author = {Amarasingham, R.},
  title = {Ode to the SOAP Note},
  howpublished = {\url{https://medium.com/can-computers-and-doctors-now-collaborate-to-write/part-1-ode-to-the-soap-note-64baeb41a20}},
  year = {2022},
  note = {Accessed: 2024-10-04}
}

@misc{4,
  author = {Landi, H.},
  title = {HIMSS24: “Fasten your seatbelts”—Hackensack Meridian CEO predicts acceleration of gen AI to help healthcare workforce},
  howpublished = {\url{https://www.fiercehealthcare.com/ai-and-machine-learning/himss24-fasten-your-seatbelts-hackensack-ceo-predicts-acceleration-gen-ai}},
  year = {2024},
  note = {Accessed: 2024-10-04}
}

@article{5,
  author = {Zhou, C. and Neubig, G. and Gu, J. and Diab, M. and Guzman, P. and Zettlemoyer, L. et al.},
  title = {Detecting hallucinated content in conditional neural sequence generation},
  journal = {arXiv [cs.CL]},
  year = {2020},
  url = {http://arxiv.org/abs/2011.02593}
}

@article{6,
  author = {Maynez, J. and Narayan, S. and Bohnet, B. and McDonald, R.},
  title = {On Faithfulness and Factuality in Abstractive Summarization},
  journal = {arXiv [cs.CL]},
  year = {2020},
  url = {http://arxiv.org/abs/2005.00661}
}

@misc{7,
  author = {Martindale, M.J. and Carpuat, M. and Duh, K. and Mc Namee, P.},
  title = {Identifying Fluently Inadequate Output in Neural and Statistical Machine Translation},
  howpublished = {\url{https://aclanthology.org/W19-6623.pdf}},
  year = {2019}
}

@article{8,
  author = {Yuan, X. and He, P. and Zhu, Q. and Li, X.},
  title = {Adversarial examples: Attacks and defenses for deep learning},
  journal = {IEEE Trans Neural Netw Learn Syst},
  year = {2019},
  volume = {30},
  pages = {2805--2824}
}

@book{9,
  author = {Good, P.},
  title = {Permutation tests: a practical guide to resampling methods for testing hypotheses},
  year = {2013},
  publisher = {Springer Nature},
  url = {https://books.google.com/books?hl=en&lr=&id=pK3hBwAAQBAJ}
}

@article{10,
  author = {Wilson, E.B.},
  title = {Probable inference, the law of succession, and statistical inference},
  journal = {J Am Stat Assoc},
  year = {1927},
  volume = {22},
  pages = {209--212}
}

@article{11,
  author = {Ji, Z. and Liu, Z. and Lee, N. and Yu, T. and Wilie, B. and Zeng, M. et al.},
  title = {RHO ($\rho$): Reducing hallucination in open-domain dialogues with knowledge grounding},
  journal = {arXiv [cs.CL]},
  year = {2022},
  url = {http://arxiv.org/abs/2212.01588}
}

@article{12,
  author = {Gao, Y. and Xiong, Y. and Gao, X. and Jia, K. and Pan, J. and Bi, Y. et al.},
  title = {Retrieval-Augmented Generation for large Language Models: A survey},
  journal = {arXiv [cs.CL]},
  year = {2023},
  url = {http://arxiv.org/abs/2312.10997}
}

@article{13,
  author = {Béchard, P. and Ayala, O.M.},
  title = {Reducing hallucination in structured outputs via Retrieval-Augmented Generation},
  journal = {arXiv [cs.LG]},
  year = {2024},
  url = {http://arxiv.org/abs/2404.08189}
}

@book{14,
  author = {Kamath, U. and Keenan, K. and Somers, G. and Sorenson, S.},
  title = {Large Language Models: A Deep Dive : Bridging Theory and Practice},
  publisher = {Springer Nature},
  year = {2024}
}

@article{15,
  author = {Tai-Seale, M. and Olson, C.W. and Li, J. and Chan, A.S. and Morikawa, C. and Durbin, M. et al.},
  title = {Electronic health record logs indicate that physicians split time evenly between seeing patients and desktop medicine},
  journal = {Health Aff (Millwood)},
  year = {2017},
  volume = {36},
  pages = {655--662}
}

@article{16,
  author = {Rule, A. and Chiang, M.F. and Hribar, M.R.},
  title = {Using electronic health record audit logs to study clinical activity: a systematic review of aims, measures, and methods},
  journal = {J Am Med Inform Assoc},
  year = {2020},
  volume = {27},
  pages = {480--490}
}

@article{17,
  author = {Reeves, C.S.},
  title = {How many staff members do you need?},
  journal = {Fam Pract Manag},
  year = {2002},
  volume = {9},
  pages = {45--49}
}

@article{18,
  author = {Jacob, C. and Sanchez-Vazquez, A. and Ivory, C.},
  title = {Social, Organizational, and Technological Factors Impacting Clinicians’ Adoption of Mobile Health Tools: Systematic Literature Review},
  journal = {JMIR Mhealth Uhealth},
  year = {2020},
  volume = {8},
  pages = {e15935}
}

@article{19,
  author = {Iyanna, S. and Kaur, P. and Ractham, P. and Talwar, S. and Najmul Islam, A.K.M.},
  title = {Digital transformation of healthcare sector. What is impeding adoption and continued usage of technology-driven innovations by end-users?},
  journal = {J Bus Res},
  year = {2022},
  volume = {153},
  pages = {150--161}
}

@article{20,
  author = {Stephenson, L.S. and Gorsuch, A. and Hersh, W.R. and Mohan, V. and Gold, J.A.},
  title = {Participation in EHR based simulation improves recognition of patient safety issues},
  journal = {BMC Med Educ},
  year = {2014},
  volume = {14},
  pages = {224}
}

@article{21,
  author = {Rumball-Smith, J. and Shekelle, P. and Damberg, C.L.},
  title = {Electronic health record “super-users” and “under-users” in ambulatory care practices},
  journal = {Am J Manag Care},
  year = {2018},
  volume = {24},
  pages = {26--31}
}

@misc{22,
  author = {U.S. FOOD \& DRUG},
  title = {Good Machine Learning Practice for Medical Device Development: Guiding Principles},
  howpublished = {\url{https://www.fda.gov/medical-devices/software-medical-device-samd/good-machine-learning-practice-medical-device-development-guiding-principles}},
  year = {2021},
  note = {Accessed: 2024-10-04}
}
